
@book{beatriz_busaniche_argentina_2010,
	title = {Argentina copyleft. {La} crisis del modelo de derecho de autor y las prácticas para democratizar la cultura.},
	author = {{Beatriz Busaniche}},
	year = {2010}
}

@book{seymour_papert_desafio_1987,
	title = {Desafío de la mente},
	author = {{Seymour Papert}},
	year = {1987}
}

@article{karl_fogel_producir_2005,
	title = {Producir {Software} de {Código} {Abierto} {Como} {Llevar} a {Buen} {Puerto} un {Proyecto} de {Código} {Libre}},
	author = {{Karl Fogel}},
	year = {2005}
}

@book{_uruguay_????,
	title = {Uruguay, una computadora para cada niño},
	url = {https://books.google.com.ar/books/about/Uruguay_una_computadora_para_cada_ni%C3%B1o.html?id=L4x8YgEACAAJ},
	urldate = {2016-04-21},
	file = {Snapshot:/home/vbasel/.mozilla/firefox/6vhl3rdk.default/zotero/storage/I6JD3D9A/books.html:text/html}
}

@article{garrido__2009,
	title = {¿ {Otra} vez el mismo error? {OLPC}, determinismo tecnológico y educación},
	shorttitle = {?},
	journal = {Uruguay: una computadora para cada Niño. Plan Ceibal. Los ojos del mundo en el primer modelo OLPC a escala nacional. Montevideo: Prentice Hall},
	author = {Garrido, Fernando and Balaguer, Roberto},
	year = {2009},
	pages = {33--44}
}

@book{freire_pedagogioprimido._2015,
	address = {Buenos Aires},
	title = {Pedagogía del oprimido.},
	isbn = {978-987-629-508-6},
	language = {Spanish},
	publisher = {Siglo veintiuno},
	author = {Freire, Paulo},
	year = {2015},
	note = {OCLC: 946344968}
}

@article{sanchez_robotica_2012,
	title = {La robótica como un recurso para facilitar el aprendizaje y desarrollo de competencias generales},
	volume = {13},
	url = {https://dialnet.unirioja.es/servlet/articulo?codigo=3979056},
	number = {2},
	urldate = {2016-08-21},
	journal = {Education in the knowledge society (EKS)},
	author = {S\'{a}nchez, Flor \'{A}ngela Bravo and Guzm\'{a}n, Alejandro Forero},
	year = {2012},
	pages = {120--136},
	file = {}
}

@article{adell_software_2007,
	title = {Software libre en educación},
	url = {},
	urldate = {2016-08-26},
	journal = {Tecnología educativa. Madrid: McGraw-Hill},
	author = {Adell, Jordi and Bernabé, Y.},
	year = {2007},
	pages = {173--195},
	file = {[PDF] researchgate.net:/home/vbasel/.mozilla/firefox/6vhl3rdk.default/zotero/storage/PDHIPCEP/Adell y Bernabé - 2007 - Software libre en educación.pdf:application/pdf}
}

@article{chavarria_software_2011,
	title = {Software libre, alternativa tecnológica para la educación},
	volume = {5},
	copyright = {Copyright (c) 2014 Actualidades Investigativas en Educación},
	issn = {1409-4703},
	url = {http://revista.inie.ucr.ac.cr/index.php/aie/article/view/86},
	doi = {10.15517/aie.v5i2.9150},
	abstract = {Interesa conocer la utilización práctica del software libre en ámbitos educativos; especialmente se enfatiza en cómo este se puede convertir en una herramienta apropiada para los procesos de enseñanza y aprendizaje, aunque sin soslayar sus características ventajosas y menos ventajosas, considerando los contextos en que se ponga en marcha. Además, se dan ejemplos prácticos de su utilización. Se incorporan algunas noticias de eventos y hechos relevantes de reciente suceso para ilustrar más ampliamente lo planteado. It is of interest for the present article the practical use of free software in the field of education; a special emphasis is given to the possibility of its use as an appropriate tool for the processes of education and learning, without avoiding its advantageous and less advantageous features, considering the contexts in which these tools are set forward. Also, practical examples of their use are given. Some news of events and recent relevant facts are included to illustrate the point of discussion in a broader sense.},
	language = {es},
	number = {2},
	urldate = {2016-08-26},
	journal = {Revista Actualidades Investigativas en Educación},
	author = {Chavarría, Johnny Valverde},
	month = mar,
	year = {2011},
	keywords = {didáctica, didactics, educación, education, educative tecnology, free software, internet, software libre, tecnología, tecnología educativa, tecnology, www},
	file = {Full Text PDF:/home/vbasel/.mozilla/firefox/6vhl3rdk.default/zotero/storage/6WGFIIB5/Chavarría - 2011 - Software libre, alternativa tecnológica para la ed.pdf:application/pdf;Snapshot:/home/vbasel/.mozilla/firefox/6vhl3rdk.default/zotero/storage/H9I6TGXH/86.html:text/html}
}

@inproceedings{gonzalez_hardware_2003,
	title = {Hardware libre: clasificación y desarrollo de hardware reconfigurable en entornos {GNU}/{Linux}},
	shorttitle = {Hardware libre},
	url = {http://ftp1.nluug.nl/ftp/pub/ftp/os/Linux/doc/LuCaS/Presentaciones/200309hispalinux/8/8.pdf},
	urldate = {2016-08-26},
	booktitle = {{VI} {Congreso} de {Hispalinux}, {Universidad} {Rey} {Juan} {Carlos} {I}},
	author = {González, Ivan and González, Juan and Gómez-Arribas, Francisco},
	year = {2003},
	file = {[PDF] nluug.nl:/home/vbasel/.mozilla/firefox/6vhl3rdk.default/zotero/storage/Z2ECCUGJ/González et al. - 2003 - Hardware libre clasificación y desarrollo de hard.pdf:application/pdf}
}

@article{pitti_experiencias_2010,
	title = {Experiencias construccionistas con robótica educativa en el {Centro} {Internacional} de {Tecnologías} {Avanzadas}},
	volume = {11},
	url = {http://gredos.usal.es/jspui/handle/10366/72852},
	number = {1},
	urldate = {2016-08-26},
	journal = {Teoría de la Educación},
	author = {Pittí, Kathia and Curto Diego, María Belén and Moreno Rodilla, Vidal},
	year = {2010},
	pages = {26},
	file = {[PDF] usal.es:/home/vbasel/.mozilla/firefox/6vhl3rdk.default/zotero/storage/JM2QZDAK/Pittí et al. - 2010 - Experiencias construccionistas con robótica educat.pdf:application/pdf;Snapshot:/home/vbasel/.mozilla/firefox/6vhl3rdk.default/zotero/storage/N3ZI953H/72852.html:text/html}
}

@book{freire_pedagogiautonomi:_2006,
	title = {Pedagogía de la autonomía: saberes necesarios para la práctica educativa},
	isbn = {978-968-23-2069-9},
	shorttitle = {Pedagogía de la autonomía},
	abstract = {En la búsqueda permanente de aprendizaje, pocas veces encontramos textos apropiados como éste, que nos enseña a enseñar partiendo del ser profesor. El autor, en un lenguaje accesible y didáctico, reflexiona sobre saberes necesarios para la práctica educativa-crítica con base en una ética pedagógica y en una visión del mundo cimentadas en el rigor, la investigación y la actitud crítica.},
	language = {es},
	publisher = {Siglo XXI},
	author = {Freire, Paulo},
	year = {2006},
	note = {Google-Books-ID: OYK4bZG6hxkC},
	keywords = {Literary Collections / Essays}
}

@book{reyes_cortes_robotica:_2011,
	address = {México},
	title = {Robótica: control de {Robots} manipuladores},
	isbn = {978-607-707-190-7},
	shorttitle = {Robótica},
	language = {spa},
	publisher = {Alfaomega},
	author = {Reyes Cortés, Fernando},
	year = {2011},
	note = {OCLC: 931981753},
	file = {Table of Contents PDF:/home/vbasel/.mozilla/firefox/6vhl3rdk.default/zotero/storage/3UKD29AV/Reyes Cortés - 2011 - Robótica control de Robots manipuladores.pdf:application/pdf}
}

@book{giro_lenguaje_2015,
	address = {Buenos Aires},
	title = {Lenguaje formales y teoría de autómatas},
	isbn = {978-987-1609-81-9},
	language = {Spanish},
	publisher = {Alfaomega},
	author = {Giró, Juan},
	year = {2015},
	note = {OCLC: 953193943}
}

@book{grune_diseno_2007,
	address = {Madrid},
	title = {Diseño de compiladores modernos},
	isbn = {978-84-481-5656-5},
	language = {Spanish},
	publisher = {McGraw-Hill},
	author = {Grune, Dick and Catalina Gallego, Alfredo},
	year = {2007},
	note = {OCLC: 182734548}
}

@book{duek_juegos_2014,
	address = {Ciudad Autónoma de Buenos Aires},
	edition = {1. ed},
	title = {Juegos, juguetes y nuevas tecnologías},
	isbn = {978-987-614-435-3},
	language = {spa},
	publisher = {Ciudad Intelectual},
	author = {Duek, Carolina},
	year = {2014},
	note = {OCLC: 931607910},
	file = {Table of Contents PDF:/home/vbasel/.mozilla/firefox/6vhl3rdk.default/zotero/storage/RIRAAMRF/Duek - 2014 - Juegos, juguetes y nuevas tecnologías.pdf:application/pdf}
}

@book{stallman_software_2007,
	title = {Software libre para una sociedad libre},
	isbn = {978-84-933555-1-7},
	language = {es},
	publisher = {Traficantes de Sueños},
	author = {Stallman, Richard M.},
	year = {2007},
	note = {Google-Books-ID: ww9XAgAACAAJ},
	keywords = {Philosophy / Political}
}

@article{raymond_catedral_1998,
	title = {La catedral y el bazar},
	volume = {12},
	url = {http://www.athanazio.com/downloads/livros/catedral-ou-bazar.pdf},
	urldate = {2016-08-26},
	journal = {The Linux Logic Home Page},
	author = {Raymond, Eric S.},
	year = {1998},
	file = {[PDF] athanazio.com:/home/vbasel/.mozilla/firefox/6vhl3rdk.default/zotero/storage/EXA5NTJD/Raymond - 1998 - La catedral y el bazar.pdf:application/pdf}
}

@article{hache_soberanitecnologica_2014,
	title = {Soberanía tecnológica},
	journal = {Dossier sobre Soberanía Tecnológica},
	author = {Haché, Alex},
	year = {2014},
	pages = {9--18}
}

@article{candon-mena_soberanitecnologica_2012,
	title = {Soberanía tecnológica en la era de las redes},
	url = {http://idus.us.es/xmlui/handle/11441/27019},
	urldate = {2016-08-27},
	author = {Candón-Mena, José Ignacio},
	year = {2012},
	file = {[PDF] us.es:/home/vbasel/.mozilla/firefox/6vhl3rdk.default/zotero/storage/BZJ5NNGW/Candón-Mena - 2012 - Soberanía tecnológica en la era de las redes.pdf:application/pdf;Snapshot:/home/vbasel/.mozilla/firefox/6vhl3rdk.default/zotero/storage/WX2JJ84Q/27019.html:text/html}
}

@article{boyle_second_2003,
	title = {The second enclosure movement and the construction of the public domain},
	volume = {66},
	url = {http://www.jstor.org/stable/20059171},
	number = {1/2},
	urldate = {2016-08-27},
	journal = {Law and contemporary problems},
	author = {Boyle, James},
	year = {2003},
	pages = {33--74},
	file = {[PDF] duke.edu:/home/vbasel/.mozilla/firefox/6vhl3rdk.default/zotero/storage/BVA9WGUS/Boyle - 2003 - The second enclosure movement and the construction.pdf:application/pdf;Snapshot:/home/vbasel/.mozilla/firefox/6vhl3rdk.default/zotero/storage/HEJRTC57/20059171.html:text/html}
}

@book{freire_pedagogiesperanza:_2009,
	address = {Buenos Aires},
	edition = {2 ed. argentina, revisada},
	series = {Biblioteca clásica de {Siglo} {Veintiuno}},
	title = {Pedagogía de la esperanza: un reencuentro con la pedagogía del oprimido},
	isbn = {978-987-629-001-2},
	shorttitle = {Pedagogía de la esperanza},
	language = {spa},
	publisher = {Siglo Veintiuno Editores},
	author = {Freire, Paulo and Freire, Ana Maria Araújo},
	year = {2009},
	note = {OCLC: 300478032},
	keywords = {Brazil, education, Freire, Paulo, Latin America, Pedagogía do oprimido, Philosophy, Popular education, Social aspects},
	annote = {Includes bibliographical references},
	file = {Table of Contents PDF:/home/vbasel/.mozilla/firefox/6vhl3rdk.default/zotero/storage/B7UBP6VZ/Freire y Freire - 2009 - Pedagogía de la esperanza un reencuentro con la p.pdf:application/pdf}
}

@book{freire_educacion_2008,
	address = {Buenos Aires},
	title = {La educación como práctica de la libertad},
	isbn = {978-987-629-021-0},
	language = {Spanish},
	publisher = {Siglo Veintiuno Editores Argentina},
	author = {Freire, Paulo and Ronzoni, Lilién},
	year = {2008},
	note = {OCLC: 302283371}
}

@book{papert_childrens_1993,
	address = {New York},
	title = {The children's machine: rethinking school in the age of the computer},
	isbn = {978-0-465-01063-9 978-0-465-01830-7},
	shorttitle = {The children's machine},
	language = {eng},
	publisher = {BasicBooks},
	author = {Papert, Seymour},
	year = {1993},
	note = {OCLC: 27264650},
	keywords = {Computer-assisted instruction, Data processing, education},
	annote = {Includes bibliographical references (p. [229]-230 ) and index Bibliography p. [229] - 231},
	file = {Table of Contents PDF:/home/vbasel/.mozilla/firefox/6vhl3rdk.default/zotero/storage/9Z5H38UV/Papert - 1993 - The children's machine rethinking school in the a.pdf:application/pdf}
}

@book{liberty_aprendiendo_2000,
	address = {México},
	title = {Aprendiendo {C}++ para {Linux} en 21 días},
	isbn = {978-970-26-0012-1},
	language = {Spanish},
	publisher = {Pearson Educación},
	author = {Liberty, Jesse and Horvath, David B},
	year = {2000},
	note = {OCLC: 630179582}
}

@book{rossano_electronica_2009,
	address = {Buenos Aires},
	title = {Electrónica \& microcontroladores {PIC}: guía práctica de programación},
	isbn = {978-987-663-002-3},
	shorttitle = {Electrónica \& microcontroladores {PIC}},
	language = {Spanish},
	publisher = {Gradi},
	author = {Rossano, Víctor},
	year = {2009},
	note = {OCLC: 906977765}
}

@book{daniel_benchimol_microcontroladores_????,
	title = {Microcontroladores funcionamiento, programación y usos practicos.},
	isbn = {978-987-1773-56-3},
	language = {Español},
	publisher = {DALAGA},
	author = {Daniel Benchimol}
}

@book{arrioja_landa_cossio_inteligencia_2007,
	address = {Buenos Aires, Arg.},
	title = {Inteligencia artificial: sistemas inteligentes con {C}\#},
	isbn = {978-987-1347-51-3},
	shorttitle = {Inteligencia artificial},
	language = {Spanish},
	publisher = {Gradi},
	author = {Arrioja Landa Cossio, Nicolás},
	year = {2007},
	note = {OCLC: 431988395}
}

@book{barra_zapata_microcontroladores_2011,
	address = {México, D.F.},
	title = {Microcontroladores {PIC} con programación {PBP}},
	isbn = {978-607-707-175-4},
	language = {Spanish},
	publisher = {Alfaomega : Ra-Ma},
	author = {Barra Zapata, Omar Enrique and Barra Zapata, Franklin},
	year = {2011},
	note = {OCLC: 904728901}
}

@book{landa_cosio_robotica_2010,
	address = {Banfield, Lomas de Zamora},
	title = {Robótica avanzada: construcción y programación de robots},
	isbn = {978-987-663-020-7},
	shorttitle = {Robótica avanzada},
	language = {Spanish},
	publisher = {Gradi},
	author = {Landa Cosio, Nicolás Arrioja},
	year = {2010},
	note = {OCLC: 800476204}
}

@article{benchimol_proyectos_2011,
	title = {Proyectos con microcontroladores aprenda a desarrollar sus propias aplicaciones},
	issn = {9789871773237 9871773234},
	language = {Spanish},
	author = {Benchimol, Daniel},
	year = {2011},
	note = {OCLC: 931939983}
}

@book{pedro_ponce_cruz_robotica_????,
	title = {Robótica aplicada con {Labview} y {Lego}},
	isbn = {978-607-707-696-4},
	language = {Español},
	publisher = {Alfaomega},
	author = {Pedro Ponce Cruz, Victor DE LA Cueva Herández}
}

@book{busaniche_monopolios_????,
	title = {Monopolios artificiales sobre bienes intangibles, 2007},
	isbn = {978-987-22486-2-8},
	author = {Busaniche, Beatriz and {others}}
}

@book{bossuet_ordinateur_1982,
	address = {Paris},
	series = {L'{Educateur}},
	title = {L'ordinateur à l'école},
	isbn = {978-2-13-037335-3},
	number = {81},
	publisher = {Presses universitaires de France},
	author = {Bossuet, Gérard},
	year = {1982},
	keywords = {Computer-assisted instruction, Data processing, education, France}
}

@book{watt_basic_1984,
	address = {Madrid},
	title = {Basic para niños},
	isbn = {978-84-283-1327-8},
	language = {Spanish},
	publisher = {Paraninfo},
	author = {Watt, Sofía and Mangada, Miguel},
	year = {1984},
	note = {OCLC: 11883840}
}

@book{leliwa_tecnologi:_2013,
	title = {Tecnología: apuntes para pensar su enseñanza y aprendizaje},
	isbn = {978-987-591-615-9},
	shorttitle = {Tecnología},
	publisher = {Córdoba: Babel Editorial},
	author = {Leliwa, Susana},
	year = {2013}
}

@article{techonology_pic18f2455/2550/4455/4550_????,
	title = {{PIC}18F2455/2550/4455/4550 {Data} {Sheet}},
	journal = {Version C Document Number DS39632},
	author = {Techonology, Microchip}
}

@book{tackett_edicion_1999,
	address = {Madrid},
	title = {Edición especial {Linux} 4{Œ} edición},
	isbn = {978-84-8322-167-9},
	language = {Spanish},
	publisher = {Prentice Hall},
	author = {Tackett, Jack and Burnett, Steve},
	year = {1999},
	note = {OCLC: 43716439}
}

@book{pappas_manual_1993,
	address = {Aravaca (Madrid)},
	title = {Manual de {Borland} {C}++},
	isbn = {978-84-481-0088-9},
	language = {Traducción de: Borland C++ handbook. 3th. ed.},
	publisher = {McGraw-Hill},
	author = {Pappas, Chris H and Murray, William H and Torres Arriaza, José Antonio and Águila Cano, Isabel del},
	year = {1993},
	note = {OCLC: 34210500}
}

@book{schildt_fundamentos_2002,
	address = {México, D.F.},
	title = {Fundamentos de {Java} (3a. ed.).},
	isbn = {978-970-10-5930-2},
	url = {http://public.eblib.com/choice/publicfullrecord.aspx?p=3191852},
	language = {Spanish},
	urldate = {2017-01-08},
	publisher = {McGraw-Hill Interamericana},
	author = {Schildt, Herbert},
	year = {2002},
	note = {OCLC: 951578850}
}

@book{minasi_guicompleta_1994,
	address = {México},
	title = {Guía completa de mantenimiento y actualización de la {PC}},
	isbn = {978-968-7393-16-2},
	language = {Spanish},
	publisher = {Ventura},
	author = {Minasi, Mark},
	year = {1994},
	note = {OCLC: 638745161}
}

@inproceedings{busaniche_voto_2008,
	title = {Voto electrónico: los riesgos de una ilusión},
	isbn = {978-987-22486-5-9},
	shorttitle = {Voto electrónico},
	url = {http://www.sidalc.net/cgi-bin/wxis.exe/?IsisScript=UCC.xis&B1=Buscar&formato=1&cantidad=50&expresion=Procesos%20electorales},
	urldate = {2017-01-08},
	booktitle = {Convergencia: {Revista} de {Ciencias} {SocialesVol}. 5, no. 16 (1998), p. 11-31},
	publisher = {Fundación Vía Libre:},
	author = {Busaniche, Beatriz and Heinz, Federico and Camarâo, Paulo César BheringPaulo César Bhering and de Para, Arias and Calderón, RaúlArias and Morillo, Ramírez and VASQUEZ, BelarminioSOSA and Morillo, MIGUEL A. Belarminio Ramírez and Vásquez, Miguel A. Sosa and Franco, RolandoRolando Franco and {others}},
	year = {2008},
	file = {Snapshot:/home/vbasel/.mozilla/firefox/6vhl3rdk.default/zotero/storage/DGIUIWXP/wxis.html:text/html}
}

@book{gergely_mikroelektronik:_1983,
	address = {München},
	title = {Mikroelektronik: {Computer}, {Roboter} und neue {Medien} erobern die {Welt}},
	isbn = {978-3-492-02850-9},
	shorttitle = {Mikroelektronik},
	language = {ger},
	publisher = {Piper},
	author = {Gergely, Stefan M.},
	year = {1983},
	note = {OCLC: 256101575},
	keywords = {Computer, Gesellschaft, Informationsgesellschaft, Kommunikationstechnik, Mikroelektronik, Telekommunikation},
	annote = {Literaturverz. 300 - 306}
}

@book{gay_diseno_2004,
	address = {Córdoba (Argentina)},
	title = {El diseño industrial en la historia},
	isbn = {978-987-21597-0-2},
	language = {Spanish},
	publisher = {Tec},
	author = {Gay, Aquiles and Samar, Lidia},
	year = {2004},
	note = {OCLC: 932540893}
}

@book{hart_open_2003,
	title = {Open source in education},
	publisher = {May},
	author = {Hart, Timothy D.},
	year = {2003}
}

@article{sharp_use_2006,
	title = {The use of open source software in {Education}},
	url = {http://isedj.org/4/45/ISEDJ.4(45).Sharp.pdf},
	urldate = {2017-01-08},
	journal = {Director},
	author = {Sharp, Jason H. and Huett, Jason B.},
	year = {2006},
	pages = {07},
	file = {[PDF] isedj.org:/home/vbasel/.mozilla/firefox/6vhl3rdk.default/zotero/storage/P44EEBFV/Sharp y Huett - 2006 - The use of open source software in Education.pdf:application/pdf}
}

@article{hepburn_getting_2006,
	title = {Getting open source software into schools: {Strategies} and challenges},
	volume = {3},
	shorttitle = {Getting open source software into schools},
	url = {http://nsuworks.nova.edu/cgi/viewcontent.cgi?article=1114&context=innovate},
	number = {1},
	urldate = {2017-01-08},
	journal = {Innovate: Journal of Online Education},
	author = {Hepburn, Gary and Buley, Jan},
	year = {2006},
	pages = {3},
	file = {[PDF] nova.edu:/home/vbasel/.mozilla/firefox/6vhl3rdk.default/zotero/storage/C7JG7U55/Hepburn y Buley - 2006 - Getting open source software into schools Strateg.pdf:application/pdf}
}

@book{ispanyolca_etica_????,
	title = {La ética del hacker y el espítiru de la era de la información},
	language = {es},
	publisher = {fryha},
	author = {İspanyolca},
	note = {Google-Books-ID: klyECQAAQBAJ}
}

@book{stephenson_en_2003,
	title = {En el principio–fue la línea de comandos},
	url = {http://diegocordoba.carreralinux.com.ar/tlx_essentials/command_es.pdf},
	urldate = {2017-01-10},
	publisher = {Traficantes de Sueños},
	author = {Stephenson, Neal and Alvarez, Asunción and Vidal, Miquel and Romero, Pedro Jorge},
	year = {2003},
	file = {[PDF] carreralinux.com.ar:/home/vbasel/.mozilla/firefox/6vhl3rdk.default/zotero/storage/83IHNJU2/Stephenson et al. - 2003 - En el principio–fue la línea de comandos.pdf:application/pdf}
}
