
@book{beatriz_busaniche_argentina_2010,
	title = {Argentina copyleft. {La} crisis del modelo de derecho de autor y las prácticas para democratizar la cultura.},
	author = {{Beatriz Busaniche}},
	year = {2010}
}

@book{angela_del_valle_aprendizaje_nodate,
	title = {El {Aprendizaje} {Basado} en {Problemas}},
	url = {https://books.google.com.ar/books/about/El_Aprendizaje_Basado_en_Problemas.html?hl=es&id=irgqH07RALMC},
	abstract = {La metodología del Aprendizaje Basado en Problemas (ABP) es una innovación en la Educación Superior, que se utiliza para la enseñanza de diversas áreas de conocimiento y, con frecuencia, para el trabajo de competencias profesionales determinantes en el perfil de alumno universitario. El ABP intenta construir comunidades de aprendizaje colaborativo utilizando problemas reales. La presente obra introduce las bases fundamentales de esta metodología recorriendo sus principios pedagógicos didácticos y las propuestas más actuales. Se presenta la modalidad individual –aprendizaje autorregulado– y la modalidad grupal –aprendizaje colaborativo– en la aplicación de esta metodología. Al mismo tiempo, se estudia el importante papel del tutor o grupo facilitador en el Aprendizaje Basado en Problemas. Se estudian también los procesos evaluadores más adecuados para esta metodología así como las ventajas y dificultades en la aplicación de este aprendizaje innovador en los ambientes educativos superiores. El libro ofrece una serie de casos prácticos experimentados en diferentes materias universitarias.},
	urldate = {2015-11-15},
	author = {Ángela Del Valle, Alicia Escribano}
}

@book{noauthor_learning_nodate,
	title = {Learning {Python}, 4th {Edition} - {O}'{Reilly} {Media}},
	url = {http://shop.oreilly.com/product/9780596158071.do},
	urldate = {2015-11-10}
}

@book{victor_rossano_electronica_2009,
	title = {Electronica \& microcontroladores {PIC}. {Guía} práctica de programación},
	author = {{Victor Rossano}},
	year = {2009}
}

@book{jorge_salvador_ierache_modelo_2010,
	title = {{MODELO} {DE} {CICLO} {DE} {VIDA} {PARA} {EL} {APRENDIZAJE} {BASADO} {EN} {COMPARTICIÓN} {DE} {CONOCIMIENTOS} {EN} {SISTEMAS} {AUTÓNOMOS} {DE} {ROBOTS}},
	author = {{Jorge Salvador Ierache}},
	year = {2010}
}

@article{jovani_alberto_jimenez_builes_robotica_2010,
	title = {Robótica educativa {Estrategias} activas en ingeniería},
	author = {{Jovani Alberto Jiménez Builes} and {Demetrio Arturo Ovalle Carranza} and {Juan Fernando Ramírez Patiño}},
	year = {2010}
}

@book{seymour_papert_desafio_1987,
	title = {Desafío de la mente},
	author = {{Seymour Papert}},
	year = {1987}
}

@article{lawrence_lessig_por_2004,
	title = {Por una cultura libre},
	author = {{Lawrence Lessig}},
	year = {2004}
}

@article{eric_s._raymond_catedral_1998,
	title = {{LA} {CATEDRAL} {Y} {EL} {BAZAR}},
	author = {{Eric S. Raymond}},
	year = {1998}
}

@article{karl_fogel_producir_2005,
	title = {Producir {Software} de {Código} {Abierto} {Como} {Llevar} a {Buen} {Puerto} un {Proyecto} de {Código} {Libre}},
	author = {{Karl Fogel}},
	year = {2005}
}

@book{manuel_hidalgo_diaz_curso_2009,
	title = {{CURSO} {PROVINCIAL}: {CONTROL} {Y} {ROBÓTICA} {EN} {TECNOLOGÍA}},
	author = {{Manuel Hidalgo Díaz} and {Antonio Martínez Núñez}},
	year = {2009}
}

@book{john_iovine_robots_2002,
	title = {Robots, {Androids}, and {Animatrons}},
	author = {{John Iovine}},
	year = {2002}
}

@article{edmar_mota_garcia_guia_2011,
	title = {{GUIA} {DIDÁCTICA} {PARA} {EL} {RESPONSABLE} {DEL} {PROGRAMA} {DE} {ROBÓTICA} {EDUCATIVA} {Ciclo} escolar 2011-2012},
	author = {{Edmar Mota García}},
	year = {2011}
}

@book{seymour_papert_maquina_1995,
	title = {La máquina de los niños},
	author = {{Seymour Papert}},
	year = {1995}
}

@article{eleonora_badilla_saxe_construccionismo:_2004,
	title = {{CONSTRUCCIONISMO}: {BJETOS} {PARA} {PENSAR}, {ENTIDADES} {PÚBLICAS} {Y} {MICROMUNDOS}},
	author = {{Eleonora Badilla Saxe} and {Alejandra Chacón Murillo}},
	year = {2004}
}

@book{barrientos_antonio_fundamentos_2007,
	title = {Fundamentos de robótica, 2 {Ed}},
	author = {{Barrientos Antonio}},
	collaborator = {{Peñin Luis Felipe} and {Balaguer Carlos} and {Aracil Santoja Rafael}},
	year = {2007}
}

@book{hacking_representar_1996,
	address = {Mexico, D.F.},
	title = {Representar e intervenir},
	isbn = {978-968-853-329-1},
	language = {Spanish},
	publisher = {Paidós Mexicana},
	author = {Hacking, Ian},
	year = {1996}
}

@misc{noauthor_robotics_2016,
	title = {Robotics simulator},
	copyright = {Creative Commons Attribution-ShareAlike License},
	url = {https://en.wikipedia.org/w/index.php?title=Robotics_simulator&oldid=712010444},
	abstract = {A robotics simulator is used to create embedded applications for a robot without depending physically on the actual machine, thus saving cost and time. In some case, these applications can be transferred on the real robot (or rebuilt) without modifications. The term robotics simulator can refer to several different robotics simulation applications. For example, in mobile robotics applications, behavior-based robotics simulators allow users to create simple worlds of rigid objects and light sources and to program robots to interact with these worlds. Behavior-based simulation allows for actions that are more biological in nature when compared to simulators that are more binary, or computational. In addition, behavior-based simulators may "learn" from mistakes and are capable of demonstrating the anthropomorphic quality of tenacity.

One of the most popular applications for robotics simulators is for 3D modeling and rendering of a robot and its environment. This type of robotics software has a simulator that is a virtual robot, which is capable of emulating the motion of an actual robot in a real work envelope. Some robotics simulators use a physics engine for more realistic motion generation of the robot. The use of a robotics simulator for development of a robotics control program is highly recommended regardless of whether an actual robot is available or not. The simulator allows for robotics programs to be conveniently written and debugged off-line with the final version of the program tested on an actual robot. Of course, this primarily holds for industrial robotic applications only, since the success of off-line programming depends on how similar the real environment of the robot is to the simulated environment. Sensor-based robot actions are much more difficult to simulate and/or to program off-line, since the robot motion depends on the instantaneous sensor readings in the real world.},
	language = {en},
	urldate = {2016-04-20},
	journal = {Wikipedia, the free encyclopedia},
	month = mar,
	year = {2016},
	note = {Page Version ID: 712010444},
	file = {Snapshot:/home/vbasel/.mozilla/firefox/6vhl3rdk.default/zotero/storage/KJDHGA44/index.html:text/html}
}

@article{candanedo_robotica_2012,
	title = {La robótica educativa, un nuevo reto para la educación panameña},
	volume = {13},
	url = {https://dialnet.unirioja.es/servlet/articulo?codigo=3979041},
	number = {2},
	urldate = {2016-04-21},
	journal = {Education in the knowledge society (EKS)},
	author = {Candanedo, Alejandro A. Barranco},
	year = {2012},
	pages = {9--17},
	file = {Dialnet Snapshot:/home/vbasel/.mozilla/firefox/6vhl3rdk.default/zotero/storage/9KW43QCZ/articulo.html:text/html}
}

@article{vazquez_recursos_2012,
	title = {Recursos y herramientas didácticas para el aprendizaje de la robótica},
	volume = {13},
	url = {https://dialnet.unirioja.es/servlet/articulo?codigo=3979043},
	number = {2},
	urldate = {2016-04-21},
	journal = {Education in the knowledge society (EKS)},
	author = {Vázquez, Pablo Gil and Bravo, Carlos A. Jara and Méndez, Santiago T. Puente and Herías, Francisco A. Candelas and Medina, Fernando Torres},
	year = {2012},
	pages = {18--47},
	file = {Dialnet Snapshot:/home/vbasel/.mozilla/firefox/6vhl3rdk.default/zotero/storage/X5MQQCGH/articulo.html:text/html}
}

@book{noauthor_uruguay_nodate,
	title = {Uruguay, una computadora para cada niño},
	url = {https://books.google.com.ar/books/about/Uruguay_una_computadora_para_cada_ni%C3%B1o.html?id=L4x8YgEACAAJ},
	urldate = {2016-04-21},
	file = {Snapshot:/home/vbasel/.mozilla/firefox/6vhl3rdk.default/zotero/storage/I6JD3D9A/books.html:text/html}
}

@article{garrido__2009,
	title = {¿ {Otra} vez el mismo error? {OLPC}, determinismo tecnológico y educación},
	shorttitle = {?},
	journal = {Uruguay: una computadora para cada Niño. Plan Ceibal. Los ojos del mundo en el primer modelo OLPC a escala nacional. Montevideo: Prentice Hall},
	author = {Garrido, Fernando and Balaguer, Roberto},
	year = {2009},
	pages = {33--44}
}

@book{smith_historia_1996,
	title = {Historia y determinismo tecnológico},
	isbn = {978-84-206-6405-7},
	url = {https://dialnet.unirioja.es/servlet/libro?codigo=292456},
	abstract = {Información del libro Historia y determinismo tecnológico},
	language = {spa},
	urldate = {2016-04-21},
	publisher = {Alianza Editorial},
	author = {Smith, Merritt Roe and Marx, Leo},
	year = {1996},
	file = {Snapshot:/home/vbasel/.mozilla/firefox/6vhl3rdk.default/zotero/storage/F7W93PMA/libro.html:text/html}
}

@book{zabala_robotica_2007,
	address = {Buenos Aires},
	title = {Robótica},
	isbn = {978-987-1347-56-8},
	language = {Spanish},
	publisher = {Gradi},
	author = {Zabala, Gonzalo},
	year = {2007}
}

@article{hepp_k_tecnologirobotica_2013,
	title = {Tecnología robótica en contextos escolares vulnerables con estudiantes de la etnia {Mapuche}},
	volume = {39},
	issn = {0718-0705},
	url = {http://www.scielo.cl/scielo.php?script=sci_abstract&pid=S0718-07052013000300006&lng=es&nrm=iso&tlng=es},
	doi = {10.4067/S0718-07052013000300006},
	number = {ESPECIAL},
	urldate = {2016-04-27},
	journal = {Estudios pedagógicos (Valdivia)},
	author = {Hepp K, Pedro and D, Merino and Eugenia, María and J, Barriga and Victoria, María and Huircapán A, Andrea},
	year = {2013},
	pages = {75--84},
	file = {Full Text PDF:/home/vbasel/.mozilla/firefox/6vhl3rdk.default/zotero/storage/4T9UUGG4/Hepp K et al. - 2013 - Tecnología robótica en contextos escolares vulnera.pdf:application/pdf;Snapshot:/home/vbasel/.mozilla/firefox/6vhl3rdk.default/zotero/storage/JVDXQVZP/scielo.html:text/html}
}

@article{builes_collaborative_2011,
	title = {Collaborative robotics modular system used in education},
	issn = {0120-6230},
	url = {http://www.scielo.org.co/scielo.php?script=sci_abstract&pid=S0120-62302011000200017&lng=en&nrm=iso&tlng=es},
	number = {58},
	urldate = {2016-04-28},
	journal = {Revista Facultad de Ingeniería Universidad de Antioquia},
	author = {Builes, Jiménez and Alberto, Jovani and Patiño, Ramírez and Fernando, Juan and España, González and José, Juan},
	month = mar,
	year = {2011},
	pages = {163--172},
	file = {Full Text PDF:/home/vbasel/.mozilla/firefox/6vhl3rdk.default/zotero/storage/BT8NG94M/Builes et al. - 2011 - Collaborative robotics modular system used in educ.pdf:application/pdf;Snapshot:/home/vbasel/.mozilla/firefox/6vhl3rdk.default/zotero/storage/TAG697HA/scielo.html:text/html}
}

@article{barrera_lombana_use_2015,
	title = {Use of {Educational} {Robotics} as a {Teaching} {Strategy} in the {Classroom}},
	volume = {6},
	issn = {2216-0159},
	url = {http://www.scielo.org.co/scielo.php?script=sci_abstract&pid=S2216-01592015000100010&lng=en&nrm=iso&tlng=es},
	number = {11},
	urldate = {2016-04-28},
	journal = {Praxis \&amp; Saber},
	author = {Barrera Lombana, Nelson},
	month = jan,
	year = {2015},
	pages = {215--234},
	file = {Full Text PDF:/home/vbasel/.mozilla/firefox/6vhl3rdk.default/zotero/storage/EITBMN8Z/Barrera Lombana - 2015 - Use of Educational Robotics as a Teaching Strategy.pdf:application/pdf;Snapshot:/home/vbasel/.mozilla/firefox/6vhl3rdk.default/zotero/storage/RCNNWA74/scielo.html:text/html}
}

@book{lewontin_no_2009,
	title = {No está en los genes: {Racismo}, genética e ideología},
	isbn = {978-84-7423-925-6},
	shorttitle = {No está en los genes},
	language = {es},
	publisher = {Editorial Crítica},
	author = {Lewontin, Richard C. and Kamin, Leon J. and Rose, Steven},
	month = mar,
	year = {2009},
	keywords = {Education / General, Science / General, Science / Life Sciences / Biology}
}

@book{feyerabend_ciencia_1982,
	address = {México},
	title = {La ciencia en una sociedad libre},
	isbn = {978-84-323-0438-5},
	language = {Spanish},
	publisher = {Siglo XXI},
	author = {Feyerabend, Paul K},
	year = {1982}
}

@book{noauthor_uruguay_2009,
	title = {Uruguay, una computadora para cada niño: {Plan} {Ceibal} : los ojos del mundo en el primer modelo {OLPC} a escala nacional},
	isbn = {978-9974-7899-5-1},
	shorttitle = {Uruguay, una computadora para cada niño},
	language = {es},
	publisher = {Prentice Hall},
	year = {2009}
}

@book{freire_pedagogioprimido._2015,
	address = {Buenos Aires},
	title = {Pedagogía del oprimido.},
	isbn = {978-987-629-508-6},
	language = {Spanish},
	publisher = {Siglo veintiuno},
	author = {Freire, Paulo},
	year = {2015},
	note = {OCLC: 946344968}
}

@article{sanchez_robotica_2012,
	title = {La robótica como un recurso para facilitar el aprendizaje y desarrollo de competencias generales},
	volume = {13},
	url = {https://dialnet.unirioja.es/servlet/articulo?codigo=3979056},
	number = {2},
	urldate = {2016-08-21},
	journal = {Education in the knowledge society (EKS)},
	author = {Sanchez, Flor Angela Bravo and Guzman, Alejandro Forero},
	year = {2012},
	pages = {120--136},
	file = {Dialnet Snapshot:/home/vbasel/.mozilla/firefox/6vhl3rdk.default/zotero/storage/79KNV45B/articulo.html:text/html}
}

@article{rojas_propuesta_2012,
	title = {Propuesta comunitaria con robótica educativa: valoración y resultados de aprendizaje},
	volume = {13},
	shorttitle = {Propuesta comunitaria con robótica educativa},
	url = {https://dialnet.unirioja.es/servlet/articulo?codigo=3979051},
	number = {2},
	urldate = {2016-08-21},
	journal = {Education in the knowledge society (EKS)},
	author = {Rojas, María Dolores Castro and Zúñiga, Ana Lourdes Acuña},
	year = {2012},
	pages = {91--119},
	file = {Dialnet Snapshot:/home/vbasel/.mozilla/firefox/6vhl3rdk.default/zotero/storage/5UI4VZXR/articulo.html:text/html}
}

@article{linarez_implementacion_2013,
	title = {La implementación del software libre en la educación},
	url = {https://dialnet.unirioja.es/servlet/articulo?codigo=4783348},
	urldate = {2016-08-21},
	author = {Linarez, Gildardo},
	year = {2013},
	pages = {65--76},
	file = {Dialnet Snapshot:/home/vbasel/.mozilla/firefox/6vhl3rdk.default/zotero/storage/CT2EP3CA/articulo.html:text/html}
}

@article{winocur_evaluacion_2012,
	title = {Evaluación cualitativa de las experiencias de apropiación de las computadoras {XO} en las familias y comunidades beneficiarias del {Plan} {CEIBAL}},
	author = {Winocur, Rosalía and SÁNCHEZ VILELA, Rosario},
	year = {2012}
}

@article{adell_software_2007,
	title = {Software libre en educación},
	url = {},
	urldate = {2016-08-26},
	journal = {Tecnología educativa. Madrid: McGraw-Hill},
	author = {Adell, Jordi and Bernabé, Y.},
	year = {2007},
	pages = {173--195},
	file = {[PDF] researchgate.net:/home/vbasel/.mozilla/firefox/6vhl3rdk.default/zotero/storage/PDHIPCEP/Adell y Bernabé - 2007 - Software libre en educación.pdf:application/pdf}
}

@article{chavarria_software_2011,
	title = {Software libre, alternativa tecnológica para la educación},
	volume = {5},
	copyright = {Copyright (c) 2014 Actualidades Investigativas en Educación},
	issn = {1409-4703},
	url = {http://revista.inie.ucr.ac.cr/index.php/aie/article/view/86},
	doi = {10.15517/aie.v5i2.9150},
	abstract = {Interesa conocer la utilización práctica del software libre en ámbitos educativos; especialmente se enfatiza en cómo este se puede convertir en una herramienta apropiada para los procesos de enseñanza y aprendizaje, aunque sin soslayar sus características ventajosas y menos ventajosas, considerando los contextos en que se ponga en marcha. Además, se dan ejemplos prácticos de su utilización. Se incorporan algunas noticias de eventos y hechos relevantes de reciente suceso para ilustrar más ampliamente lo planteado. It is of interest for the present article the practical use of free software in the field of education; a special emphasis is given to the possibility of its use as an appropriate tool for the processes of education and learning, without avoiding its advantageous and less advantageous features, considering the contexts in which these tools are set forward. Also, practical examples of their use are given. Some news of events and recent relevant facts are included to illustrate the point of discussion in a broader sense.},
	language = {es},
	number = {2},
	urldate = {2016-08-26},
	journal = {Revista Actualidades Investigativas en Educación},
	author = {Chavarría, Johnny Valverde},
	month = mar,
	year = {2011},
	keywords = {didáctica, didactics, educación, education, educative tecnology, free software, internet, software libre, tecnología, tecnología educativa, tecnology, www},
	file = {Full Text PDF:/home/vbasel/.mozilla/firefox/6vhl3rdk.default/zotero/storage/6WGFIIB5/Chavarría - 2011 - Software libre, alternativa tecnológica para la ed.pdf:application/pdf;Snapshot:/home/vbasel/.mozilla/firefox/6vhl3rdk.default/zotero/storage/H9I6TGXH/86.html:text/html}
}

@inproceedings{gonzalez_hardware_2003,
	title = {Hardware libre: clasificación y desarrollo de hardware reconfigurable en entornos {GNU}/{Linux}},
	shorttitle = {Hardware libre},
	url = {},
	urldate = {2016-08-26},
	booktitle = {{VI} {Congreso} de {Hispalinux}, {Universidad} {Rey} {Juan} {Carlos} {I}},
	author = {González, Ivan and González, Juan and Gómez-Arribas, Francisco},
	year = {2003},
	file = {[PDF] nluug.nl:/home/vbasel/.mozilla/firefox/6vhl3rdk.default/zotero/storage/Z2ECCUGJ/González et al. - 2003 - Hardware libre clasificación y desarrollo de hard.pdf:application/pdf}
}

@article{pitti_experiencias_2010,
	title = {Experiencias construccionistas con robótica educativa en el {Centro} {Internacional} de {Tecnologías} {Avanzadas}},
	volume = {11},
	url = {http://gredos.usal.es/jspui/handle/10366/72852},
	number = {1},
	urldate = {2016-08-26},
	journal = {Teoría de la Educación},
	author = {Pittí, Kathia and Curto Diego, María Belén and Moreno Rodilla, Vidal},
	year = {2010},
	pages = {26},
	file = {[PDF] usal.es:/home/vbasel/.mozilla/firefox/6vhl3rdk.default/zotero/storage/JM2QZDAK/Pittí et al. - 2010 - Experiencias construccionistas con robótica educat.pdf:application/pdf;Snapshot:/home/vbasel/.mozilla/firefox/6vhl3rdk.default/zotero/storage/N3ZI953H/72852.html:text/html}
}

@book{freire_pedagogiautonomi:_2006,
	title = {Pedagogía de la autonomía: saberes necesarios para la práctica educativa},
	isbn = {978-968-23-2069-9},
	shorttitle = {Pedagogía de la autonomía},
	abstract = {En la búsqueda permanente de aprendizaje, pocas veces encontramos textos apropiados como éste, que nos enseña a enseñar partiendo del ser profesor. El autor, en un lenguaje accesible y didáctico, reflexiona sobre saberes necesarios para la práctica educativa-crítica con base en una ética pedagógica y en una visión del mundo cimentadas en el rigor, la investigación y la actitud crítica.},
	language = {es},
	publisher = {Siglo XXI},
	author = {Freire, Paulo},
	year = {2006},
	note = {Google-Books-ID: OYK4bZG6hxkC},
	keywords = {Literary Collections / Essays}
}

@book{reyes_cortes_robotica:_2011,
	address = {México},
	title = {Robótica: control de {Robots} manipuladores},
	isbn = {978-607-707-190-7},
	shorttitle = {Robótica},
	language = {spa},
	publisher = {Alfaomega},
	author = {Reyes Cortés, Fernando},
	year = {2011},
	note = {OCLC: 931981753},
	file = {Table of Contents PDF:/home/vbasel/.mozilla/firefox/6vhl3rdk.default/zotero/storage/3UKD29AV/Reyes Cortés - 2011 - Robótica control de Robots manipuladores.pdf:application/pdf}
}

@book{giro_lenguaje_2015,
	address = {Buenos Aires},
	title = {Lenguaje formales y teoría de autómatas},
	isbn = {978-987-1609-81-9},
	language = {Spanish},
	publisher = {Alfaomega},
	author = {Giró, Juan},
	year = {2015},
	note = {OCLC: 953193943}
}

@book{grune_diseno_2007,
	address = {Madrid},
	title = {Diseño de compiladores modernos},
	isbn = {978-84-481-5656-5},
	language = {Spanish},
	publisher = {McGraw-Hill},
	author = {Grune, Dick and Catalina Gallego, Alfredo},
	year = {2007},
	note = {OCLC: 182734548}
}

@book{duek_juegos_2014,
	address = {Ciudad Autónoma de Buenos Aires},
	edition = {1. ed},
	title = {Juegos, juguetes y nuevas tecnologías},
	isbn = {978-987-614-435-3},
	language = {spa},
	publisher = {Ciudad Intelectual},
	author = {Duek, Carolina},
	year = {2014},
	note = {OCLC: 931607910},
	file = {Table of Contents PDF:/home/vbasel/.mozilla/firefox/6vhl3rdk.default/zotero/storage/RIRAAMRF/Duek - 2014 - Juegos, juguetes y nuevas tecnologías.pdf:application/pdf}
}

@book{stallman_software_2007,
	title = {Software libre para una sociedad libre},
	isbn = {978-84-933555-1-7},
	language = {es},
	publisher = {Traficantes de Sueños},
	author = {Stallman, Richard M.},
	year = {2007},
	note = {Google-Books-ID: ww9XAgAACAAJ},
	keywords = {Philosophy / Political}
}

@misc{noauthor_catedral_nodate,
	title = {la catedral y el bazar eric raymond - {Buscar} con {Google}},
	url = {https://www.google.com/#safe=off&tbm=bks&q=la+catedral+y+el+bazar+eric+raymond},
	urldate = {2016-08-26},
	file = {la catedral y el bazar eric raymond - Buscar con Google:/home/vbasel/.mozilla/firefox/6vhl3rdk.default/zotero/storage/7XGW3PZW/www.google.com.html:text/html}
}

@article{raymond_catedral_1998,
	title = {La catedral y el bazar},
	volume = {12},
	url = {http://www.athanazio.com/downloads/livros/catedral-ou-bazar.pdf},
	urldate = {2016-08-26},
	journal = {The Linux Logic Home Page},
	author = {Raymond, Eric S.},
	year = {1998},
	file = {[PDF] athanazio.com:/home/vbasel/.mozilla/firefox/6vhl3rdk.default/zotero/storage/EXA5NTJD/Raymond - 1998 - La catedral y el bazar.pdf:application/pdf}
}

@article{hache_soberanitecnologica_2014,
	title = {Soberanía tecnológica},
	journal = {Dossier sobre Soberanía Tecnológica},
	author = {Haché, Alex},
	year = {2014},
	pages = {9--18}
}

@article{candon-mena_soberanitecnologica_2012,
	title = {Soberanía tecnológica en la era de las redes},
	url = {http://idus.us.es/xmlui/handle/11441/27019},
	urldate = {2016-08-27},
	author = {Candón-Mena, José Ignacio},
	year = {2012},
	file = {[PDF] us.es:/home/vbasel/.mozilla/firefox/6vhl3rdk.default/zotero/storage/BZJ5NNGW/Candón-Mena - 2012 - Soberanía tecnológica en la era de las redes.pdf:application/pdf;Snapshot:/home/vbasel/.mozilla/firefox/6vhl3rdk.default/zotero/storage/WX2JJ84Q/27019.html:text/html}
}

@misc{noauthor_second_nodate,
	title = {The second enclosure movement and the construction of the public domain - {Buscar} con {Google}},
	url = {https://www.google.com/#safe=off&tbm=bks&q=The+second+enclosure+movement+and+the+construction+of+the+public+domain},
	urldate = {2016-08-27},
	file = {The second enclosure movement and the construction of the public domain - Buscar con Google:/home/vbasel/.mozilla/firefox/6vhl3rdk.default/zotero/storage/KP2FTX5Z/www.google.com.html:text/html}
}

@article{boyle_second_2003,
	title = {The second enclosure movement and the construction of the public domain},
	volume = {66},
	url = {http://www.jstor.org/stable/20059171},
	number = {1/2},
	urldate = {2016-08-27},
	journal = {Law and contemporary problems},
	author = {Boyle, James},
	year = {2003},
	pages = {33--74},
	file = {[PDF] duke.edu:/home/vbasel/.mozilla/firefox/6vhl3rdk.default/zotero/storage/BVA9WGUS/Boyle - 2003 - The second enclosure movement and the construction.pdf:application/pdf;Snapshot:/home/vbasel/.mozilla/firefox/6vhl3rdk.default/zotero/storage/HEJRTC57/20059171.html:text/html}
}

@book{freire_pedagogiesperanza:_2009,
	address = {Buenos Aires},
	edition = {2 ed. argentina, revisada},
	series = {Biblioteca clásica de {Siglo} {Veintiuno}},
	title = {Pedagogía de la esperanza: un reencuentro con la pedagogía del oprimido},
	isbn = {978-987-629-001-2},
	shorttitle = {Pedagogía de la esperanza},
	language = {spa},
	publisher = {Siglo Veintiuno Editores},
	author = {Freire, Paulo and Freire, Ana Maria Araújo},
	year = {2009},
	note = {OCLC: 300478032},
	keywords = {Brazil, education, Freire, Paulo, Latin America, Pedagogía do oprimido, Philosophy, Popular education, Social aspects},
	file = {Table of Contents PDF:/home/vbasel/.mozilla/firefox/6vhl3rdk.default/zotero/storage/B7UBP6VZ/Freire y Freire - 2009 - Pedagogía de la esperanza un reencuentro con la p.pdf:application/pdf}
}

@book{freire_educacion_2008,
	address = {Buenos Aires},
	title = {La educación como práctica de la libertad},
	isbn = {978-987-629-021-0},
	language = {Spanish},
	publisher = {Siglo Veintiuno Editores Argentina},
	author = {Freire, Paulo and Ronzoni, Lilién},
	year = {2008},
	note = {OCLC: 302283371}
}

@book{papert_childrens_1993,
	address = {New York},
	title = {The children's machine: rethinking school in the age of the computer},
	isbn = {978-0-465-01063-9 978-0-465-01830-7},
	shorttitle = {The children's machine},
	language = {eng},
	publisher = {BasicBooks},
	author = {Papert, Seymour},
	year = {1993},
	note = {OCLC: 27264650},
	keywords = {Computer-assisted instruction, Data processing, education},
	file = {Table of Contents PDF:/home/vbasel/.mozilla/firefox/6vhl3rdk.default/zotero/storage/9Z5H38UV/Papert - 1993 - The children's machine rethinking school in the a.pdf:application/pdf}
}

@book{liberty_aprendiendo_2000,
	address = {México},
	title = {Aprendiendo {C}++ para {Linux} en 21 días},
	isbn = {978-970-26-0012-1},
	language = {Spanish},
	publisher = {Pearson Educación},
	author = {Liberty, Jesse and Horvath, David B},
	year = {2000},
	note = {OCLC: 630179582}
}

@book{rossano_electronica_2009,
	address = {Buenos Aires},
	title = {Electrónica \& microcontroladores {PIC}: guía práctica de programación},
	isbn = {978-987-663-002-3},
	shorttitle = {Electrónica \& microcontroladores {PIC}},
	language = {Spanish},
	publisher = {Gradi},
	author = {Rossano, Víctor},
	year = {2009},
	note = {OCLC: 906977765}
}

@book{daniel_benchimol_microcontroladores_nodate,
	title = {Microcontroladores funcionamiento, programación y usos practicos.},
	isbn = {978-987-1773-56-3},
	language = {Español},
	publisher = {DALAGA},
	author = {Daniel Benchimol}
}

@book{arrioja_landa_cossio_inteligencia_2007,
	address = {Buenos Aires, Arg.},
	title = {Inteligencia artificial: sistemas inteligentes con {C}\#},
	isbn = {978-987-1347-51-3},
	shorttitle = {Inteligencia artificial},
	language = {Spanish},
	publisher = {Gradi},
	author = {Arrioja Landa Cossio, Nicolás},
	year = {2007},
	note = {OCLC: 431988395}
}

@book{barra_zapata_microcontroladores_2011,
	address = {México, D.F.},
	title = {Microcontroladores {PIC} con programación {PBP}},
	isbn = {978-607-707-175-4},
	language = {Spanish},
	publisher = {Alfaomega : Ra-Ma},
	author = {Barra Zapata, Omar Enrique and Barra Zapata, Franklin},
	year = {2011},
	note = {OCLC: 904728901}
}

@book{landa_cosio_robotica_2010,
	address = {Banfield, Lomas de Zamora},
	title = {Robótica avanzada: construcción y programación de robots},
	isbn = {978-987-663-020-7},
	shorttitle = {Robótica avanzada},
	language = {Spanish},
	publisher = {Gradi},
	author = {Landa Cosio, Nicolás Arrioja},
	year = {2010},
	note = {OCLC: 800476204}
}

@article{benchimol_proyectos_2011,
	title = {Proyectos con microcontroladores aprenda a desarrollar sus propias aplicaciones},
	issn = {9789871773237 9871773234},
	language = {Spanish},
	author = {Benchimol, Daniel},
	year = {2011},
	note = {OCLC: 931939983}
}

@book{pedro_ponce_cruz_robotica_nodate,
	title = {Robótica aplicada con {Labview} y {Lego}},
	isbn = {978-607-707-696-4},
	language = {Español},
	publisher = {Alfaomega},
	author = {Pedro Ponce Cruz, Victor DE LA Cueva Herández}
}

@book{busaniche_monopolios_nodate,
	title = {Monopolios artificiales sobre bienes intangibles, 2007},
	isbn = {978-987-22486-2-8},
	author = {Busaniche, Beatriz and {others}}
}

@book{bossuet_ordinateur_1982,
	address = {Paris},
	series = {L'{Educateur}},
	title = {L'ordinateur à l'école},
	isbn = {978-2-13-037335-3},
	number = {81},
	publisher = {Presses universitaires de France},
	author = {Bossuet, Gérard},
	year = {1982},
	keywords = {Computer-assisted instruction, Data processing, education, France}
}

@book{watt_basic_1984,
	address = {Madrid},
	title = {Basic para niños},
	isbn = {978-84-283-1327-8},
	language = {Spanish},
	publisher = {Paraninfo},
	author = {Watt, Sofía and Mangada, Miguel},
	year = {1984},
	note = {OCLC: 11883840}
}

@book{noauthor_notitle_nodate
}

@book{leliwa_tecnologi:_2013,
	title = {Tecnología: apuntes para pensar su enseñanza y aprendizaje},
	isbn = {978-987-591-615-9},
	shorttitle = {Tecnología},
	publisher = {Córdoba: Babel Editorial},
	author = {Leliwa, Susana},
	year = {2013}
}

@article{kumegawa_effects_1979,
	title = {Effects on induction of tyrosine aminotransferase in fetal mouse liver in vitro of prednisolone, insulin and thyroxine},
	volume = {587},
	issn = {0006-3002},
	abstract = {The hormonal requirements for formation of tyrosine aminotransferase (EC 2.6.1.5) in fetal mouse liver were investigated in organ culture using chemically defined medium. The hormones tested were insulin, thyroxine and prednisolone. Prednisolone alone resulted in a two-fold increase in tyrosine amino-transferase activity in explanted liver in hormone-free medium on day 6, and its effect was dose dependent, but neither insulin nor thyroxine alone induced the enzyme. Addition of prednisolone plus thyroxine and prednisolone plus insulin increased the enzyme activity 1.4- and 1.3-fold, respectively, over that of explants with prednisolone alone. These three hormones together had the greatest effect, causing induction of 1.5-fold more activity than that with prednisolone plus insulin or plus thyroxine. The three hormones were not all needed continuously during the culture period: prednisolone and insulin were required during the early part of cultivation and thyroxine during the later part. The effects of these hormones were blocked by actinomycin D or puromycin, suggesting that these hormones increase de novo synthesis of tyrosine aminotransferase. Phase-contrast microscopy showed that prednisolone stimulated liver epithelial cell outgrowth, probably acting with insulin.},
	language = {eng},
	number = {1},
	journal = {Biochim. Biophys. Acta},
	author = {Kumegawa, M. and Takuma, T. and Hosoda, S. and Nakanishi, M.},
	month = sep,
	year = {1979},
	pmid = {39632},
	keywords = {Animals, Dactinomycin, Drug Synergism, Enzyme Induction, Female, Insulin, Liver, Male, Mice, Microscopy, Phase-Contrast, Prednisolone, Pregnancy, Puromycin, Thyroxine, Tyrosine Transaminase},
	pages = {20--27}
}

@article{techonology_pic18f2455/2550/4455/4550_nodate,
	title = {{PIC}18F2455/2550/4455/4550 {Data} {Sheet}},
	journal = {Version C Document Number DS39632},
	author = {Techonology, Microchip}
}

@book{tackett_edicion_1999,
	address = {Madrid},
	title = {Edición especial {Linux} 4{Œ} edición},
	isbn = {978-84-8322-167-9},
	language = {Spanish},
	publisher = {Prentice Hall},
	author = {Tackett, Jack and Burnett, Steve},
	year = {1999},
	note = {OCLC: 43716439}
}

@book{pappas_manual_1993,
	address = {Aravaca (Madrid)},
	title = {Manual de {Borland} {C}++},
	isbn = {978-84-481-0088-9},
	language = {Traducción de: Borland C++ handbook. 3th. ed.},
	publisher = {McGraw-Hill},
	author = {Pappas, Chris H and Murray, William H and Torres Arriaza, José Antonio and Águila Cano, Isabel del},
	year = {1993},
	note = {OCLC: 34210500}
}

@book{schildt_fundamentos_2002,
	address = {México, D.F.},
	title = {Fundamentos de {Java} (3a. ed.).},
	isbn = {978-970-10-5930-2},
	url = {http://public.eblib.com/choice/publicfullrecord.aspx?p=3191852},
	language = {Spanish},
	urldate = {2017-01-08},
	publisher = {McGraw-Hill Interamericana},
	author = {Schildt, Herbert},
	year = {2002},
	note = {OCLC: 951578850}
}

@book{minasi_guicompleta_1994,
	address = {México},
	title = {Guía completa de mantenimiento y actualización de la {PC}},
	isbn = {978-968-7393-16-2},
	language = {Spanish},
	publisher = {Ventura},
	author = {Minasi, Mark},
	year = {1994},
	note = {OCLC: 638745161}
}

@inproceedings{busaniche_voto_2008,
	title = {Voto electrónico: los riesgos de una ilusión},
	isbn = {978-987-22486-5-9},
	shorttitle = {Voto electrónico},
	url = {http://www.sidalc.net/cgi-bin/wxis.exe/?IsisScript=UCC.xis&B1=Buscar&formato=1&cantidad=50&expresion=Procesos%20electorales},
	urldate = {2017-01-08},
	booktitle = {Convergencia: {Revista} de {Ciencias} {SocialesVol}. 5, no. 16 (1998), p. 11-31},
	publisher = {Fundación Vía Libre:},
	author = {Busaniche, Beatriz and Heinz, Federico and Camarâo, Paulo César BheringPaulo César Bhering and de Para, Arias and Calderón, RaúlArias and Morillo, Ramírez and VASQUEZ, BelarminioSOSA and Morillo, MIGUEL A. Belarminio Ramírez and Vásquez, Miguel A. Sosa and Franco, RolandoRolando Franco and {others}},
	year = {2008},
	file = {Snapshot:/home/vbasel/.mozilla/firefox/6vhl3rdk.default/zotero/storage/DGIUIWXP/wxis.html:text/html}
}

@book{gergely_mikroelektronik:_1983,
	address = {München},
	title = {Mikroelektronik: {Computer}, {Roboter} und neue {Medien} erobern die {Welt}},
	isbn = {978-3-492-02850-9},
	shorttitle = {Mikroelektronik},
	language = {ger},
	publisher = {Piper},
	author = {Gergely, Stefan M.},
	year = {1983},
	note = {OCLC: 256101575},
	keywords = {Computer, Gesellschaft, Informationsgesellschaft, Kommunikationstechnik, Mikroelektronik, Telekommunikation}
}

@book{gay_diseno_2004,
	address = {Córdoba (Argentina)},
	title = {El diseño industrial en la historia},
	isbn = {978-987-21597-0-2},
	language = {Spanish},
	publisher = {Tec},
	author = {Gay, Aquiles and Samar, Lidia},
	year = {2004},
	note = {OCLC: 932540893}
}

@book{hart_open_2003,
	title = {Open source in education},
	publisher = {May},
	author = {Hart, Timothy D.},
	year = {2003}
}

@article{sharp_use_2006,
	title = {The use of open source software in {Education}},
	url = {http://isedj.org/4/45/ISEDJ.4(45).Sharp.pdf},
	urldate = {2017-01-08},
	journal = {Director},
	author = {Sharp, Jason H. and Huett, Jason B.},
	year = {2006},
	pages = {07},
	file = {[PDF] isedj.org:/home/vbasel/.mozilla/firefox/6vhl3rdk.default/zotero/storage/P44EEBFV/Sharp y Huett - 2006 - The use of open source software in Education.pdf:application/pdf}
}

@article{hepburn_getting_2006,
	title = {Getting open source software into schools: {Strategies} and challenges},
	volume = {3},
	shorttitle = {Getting open source software into schools},
	url = {http://nsuworks.nova.edu/cgi/viewcontent.cgi?article=1114&context=innovate},
	number = {1},
	urldate = {2017-01-08},
	journal = {Innovate: Journal of Online Education},
	author = {Hepburn, Gary and Buley, Jan},
	year = {2006},
	pages = {3},
	file = {[PDF] nova.edu:/home/vbasel/.mozilla/firefox/6vhl3rdk.default/zotero/storage/C7JG7U55/Hepburn y Buley - 2006 - Getting open source software into schools Strateg.pdf:application/pdf}
}

@article{hache_soberanitecnologica_2014-1,
	title = {Soberanía tecnológica},
	journal = {Dossier sobre Soberanía Tecnológica},
	author = {Haché, Alex},
	year = {2014},
	pages = {9--18}
}

@book{ispanyolca_etica_nodate,
	title = {La ética del hacker y el espítiru de la era de la información},
	language = {es},
	publisher = {fryha},
	author = {İspanyolca},
	note = {Google-Books-ID: klyECQAAQBAJ}
}

@book{stephenson_en_2003,
	title = {En el principio–fue la línea de comandos},
	url = {http://diegocordoba.carreralinux.com.ar/tlx_essentials/command_es.pdf},
	urldate = {2017-01-10},
	publisher = {Traficantes de Sueños},
	author = {Stephenson, Neal and Alvarez, Asunción and Vidal, Miquel and Romero, Pedro Jorge},
	year = {2003},
	file = {[PDF] carreralinux.com.ar:/home/vbasel/.mozilla/firefox/6vhl3rdk.default/zotero/storage/83IHNJU2/Stephenson et al. - 2003 - En el principio–fue la línea de comandos.pdf:application/pdf}
}

@article{benavides_robotica_2016,
	title = {Robótica educativa en {Uruguay}: de la mano del {Robot} {Butiá}},
	shorttitle = {Robótica educativa en {Uruguay}},
	url = {https://www.colibri.udelar.edu.uy/handle/123456789/7404},
	urldate = {2017-02-23},
	journal = {Reportes Técnicos;},
	author = {Benavides, Facundo and Otegui, Ximena and Aguirre, Andrés and Andrade, Federico},
	year = {2016},
	file = {[PDF] udelar.edu.uy:/home/vbasel/.mozilla/firefox/6vhl3rdk.default/zotero/storage/CA8W6PE3/Benavides et al. - 2016 - Robótica educativa en Uruguay de la mano del Robo.pdf:application/pdf;Snapshot:/home/vbasel/.mozilla/firefox/6vhl3rdk.default/zotero/storage/FUQFSA9T/7404.html:text/html}
}

@article{benavides_1_2016,
	title = {1 adolescente. 1 computadora. 1 robot.},
	url = {https://www.colibri.udelar.edu.uy/handle/123456789/7538},
	urldate = {2017-02-23},
	journal = {Reportes Técnicos;},
	author = {Benavides, Facundo and Aguirre, Andrés and Otegui, Ximena and Andrade, Federico and Gonzalo, Tejera},
	year = {2016},
	file = {[PDF] udelar.edu.uy:/home/vbasel/.mozilla/firefox/6vhl3rdk.default/zotero/storage/XNG3GBCD/Benavides et al. - 2016 - 1 adolescente. 1 computadora. 1 robot..pdf:application/pdf;Snapshot:/home/vbasel/.mozilla/firefox/6vhl3rdk.default/zotero/storage/96R82XSS/7538.html:text/html}
}

@article{sagol_modelo_2011,
	title = {El modelo 1 a 1: notas para comenzar},
	shorttitle = {El modelo 1 a 1},
	url = {http://repositorio.educacion.gov.ar:8080/dspace/bitstream/handle/123456789/96558/EL003073.pdf?sequence=1},
	urldate = {2017-05-13},
	author = {Sagol, Cecilia},
	year = {2011},
	file = {[PDF] educacion.gov.ar:/home/vbasel/.mozilla/firefox/6vhl3rdk.default/zotero/storage/DTQ44A9R/Sagol - 2011 - El modelo 1 a 1 notas para comenzar.pdf:application/pdf}
}

@article{vidal_ledo_recursos_2013,
	title = {Recursos educativos abiertos},
	volume = {27},
	url = {http://scielo.sld.cu/scielo.php?script=sci_arttext&pid=S0864-21412013000300016},
	number = {3},
	urldate = {2017-05-14},
	journal = {Educación Médica Superior},
	author = {Vidal Ledo, María Josefina and Alfonso Sánchez, Ileana and Zacca González, Grisel and Martínez Hernández, Gisela},
	year = {2013},
	pages = {307--320},
	file = {[HTML] sld.cu:/home/vbasel/.mozilla/firefox/6vhl3rdk.default/zotero/storage/XPB3TUHQ/scielo.html:text/html}
}

@article{montoya2012recursos,
  title={Recursos Educativos Abiertos en Ambientes Enriquecidos con Tecnolog{\'\i}a},
  author={Montoya, Mar{\'\i}a Soledad Ram{\'\i}rez and Aguilar, Jos{\'e} Vladimir Burgos},
  year={2012}
}

@article{gonzalez_recursos_nodate,
	title = {Recursos educativos abiertos},
	url = {http://www.medigraphic.com/pdfs/educacion/cem-2013/cem133p.pdf},
	urldate = {2017-05-14},
	author = {Gonzalez, Zacca and HernandezII, Gisela Martinez},
	file = {[PDF] medigraphic.com:/home/vbasel/.mozilla/firefox/6vhl3rdk.default/zotero/storage/HKFXQFCG/González y HernándezII - Recursos educativos abiertos.pdf:application/pdf}
}


@article{de2016introduccion,
  title={Introducci{\'o}n pr{\'a}ctica a la programaci{\'o}n con Python},
  author={de Sevilla Vell{\'o}n, Mar{\'\i}a Angeles Fern{\'a}ndez and D{\'\i}az, Mar{\'\i}a Jes{\'u}s Algar},
  year={2016},
  publisher={Servicio de Publicaciones}
}

@article{ramirez2010python,
  title={Python como primer lenguaje de programaci{\'o}n},
  author={Ram{\i}rez, Ariel Ortiz},
  journal={Publicaci{\'o}n interna del Tecnol{\'o}gico de Monterrey, Campus Estado de M{\'e}xico},
  year={2010}
}

@misc{marzal2003aprender,
  title={Aprender a programar con Python: una experiencia docente},
  author={Marzal, Andr{\'e}s and Llorens, David and Gracia, Isabel},
  year={2003},
  publisher={Universitat Jaume I, Obtenido de: http://es. tldp. org/Presentaciones/200309hispalinux/15/15. pdf}
}
